% Example bibtex file for TISMIR Template

@book{JayashreeBhat,
  author    = {Jayashree Thatte Bhat},
  title     = {Hindustani Vocal Music},
  type      = {Monograph},
  year      = {2009},
  isbn      = {81-7017-500-3},
  publisher = {Abhinav Publications New Delhi}
}
@misc{newville_matthew_2014,
  author       = {Matthew Newville and
                  Till Stensitzki and
                  Daniel B. Allen  and
                   Antonino Ingargiola},
  title        = {{LMFIT: Non-Linear Least-Square Minimization and
                   Curve-Fitting for Python}},
  month        = sep,
  year         = 2014,
  publisher    = {Zenodo},
  version      = {0.8.0},
  doi          = {10.5281/zenodo.11813},
  url          = {\url{https://doi.org/10.5281/zenodo.11813}}
}
@misc{brian_mcfee_2022_6097378,
  author       = {Brian McFee and
                  Alexandros Metsai and
                  Matt McVicar and
                  Stefan Balke and
                  Carl Thomé and
                  Colin Raffel and
                  Frank Zalkow and
                  Ayoub Malek and
                  Dana and
                  Kyungyun Lee and
                  Oriol Nieto and
                  Dan Ellis and
                  Jack Mason and
                  Eric Battenberg and
                  Scott Seyfarth and
                  Ryuichi Yamamoto and
                  viktorandreevichmorozov and
                  Keunwoo Choi and
                  Josh Moore and
                  Rachel Bittner and
                  Shunsuke Hidaka and
                  Ziyao Wei and
                  nullmightybofo and
                  Adam Weiss and
                  Darío Hereñú and
                  Fabian-Robert Stöter and
                  Pius Friesch and
                  Matt Vollrath and
                  Taewoon Kim and
                  Thassilo},
  title        = {librosa/librosa: 0.9.1},
  month        = feb,
  year         = 2022,
  publisher    = {Zenodo},
  version      = {0.9.1},
  doi          = {10.5281/zenodo.6097378},
  url          = {\url{https://doi.org/10.5281/zenodo.6097378}}
}
@article{music_genre_survey,
author = {Bob L. Sturm},
title = {A Survey of Evaluation in Music Genre Recognition},
journal= {Adaptive Mutlimedia Retrieval: Semantics, Context, and Adaptation. Lecture Notes in Computer Science},
publisher = {Springer},
volume = {8382},
year = {2014},
pages= {29-66},
doi = {10.1007/978-3-319-12093-5_2}
}
@ARTICLE{gtzan,
author={Tzanetakis, G. and Cook, P.},
journal={IEEE Transactions on Speech and Audio Processing}, 
title={Musical genre classification of audio signals}, 
year={2002},
volume={10},
number={5},
pages={293-302},
doi={10.1109/TSA.2002.800560}}
